@book{coello2003breve,
  title={Breve historia de la computaci{\'o}n y sus pioneros},
  author={Coello, Carlos A Coello},
  year={2003},
  publisher={Fondo de cultura econ{\'o}mica M{\'e}xico}
}
@article{ferreiros2004episodio,
  title={Un episodio de la crisis de fundamentos: 1904},
  author={Ferreir{\'o}s, Jos{\'e}},
  journal={La gaceta de la RSME},
  volume={7},
  number={2},
  pages={449--467},
  year={2004}
}
@article{ortizcrisis,
  title={Crisis en los fundamentos de la matem{\'a}tica},
  author={Ortiz Fern{\'a}ndez, Alejandro},
  publisher={Pontificia Universidad Cat{\'o}lica del Per{\'u}}
}